%YAML 1.1
%TAG !u! tag:unity3d.com,2011:
--- !u!1 &1973162151591299483
GameObject:
  m_ObjectHideFlags: 0
  m_CorrespondingSourceObject: {fileID: 0}
  m_PrefabInstance: {fileID: 0}
  m_PrefabAsset: {fileID: 0}
  serializedVersion: 6
  m_Component:
  - component: {fileID: 7045710030965550398}
  m_Layer: 0
  m_Name: GameObject
  m_TagString: Untagged
  m_Icon: {fileID: 0}
  m_NavMeshLayer: 0
  m_StaticEditorFlags: 0
  m_IsActive: 1
--- !u!4 &7045710030965550398
Transform:
  m_ObjectHideFlags: 0
  m_CorrespondingSourceObject: {fileID: 0}
  m_PrefabInstance: {fileID: 0}
  m_PrefabAsset: {fileID: 0}
  m_GameObject: {fileID: 1973162151591299483}
  m_LocalRotation: {x: 0, y: 0, z: 0, w: 1}
  m_LocalPosition: {x: 0, y: 0, z: 0}
  m_LocalScale: {x: 1, y: 1, z: 1}
  m_ConstrainProportionsScale: 0
  m_Children:
  - {fileID: 2510968182082851227}
  - {fileID: 5505863799258745399}
  m_Father: {fileID: 2510968183579710284}
  m_RootOrder: 1
  m_LocalEulerAnglesHint: {x: 0, y: 0, z: 0}
--- !u!1 &2510968182082851224
GameObject:
  m_ObjectHideFlags: 0
  m_CorrespondingSourceObject: {fileID: 0}
  m_PrefabInstance: {fileID: 0}
  m_PrefabAsset: {fileID: 0}
  serializedVersion: 6
  m_Component:
  - component: {fileID: 2510968182082851227}
  - component: {fileID: 5868861559300641817}
  m_Layer: 0
  m_Name: Cube
  m_TagString: Untagged
  m_Icon: {fileID: 0}
  m_NavMeshLayer: 0
  m_StaticEditorFlags: 0
  m_IsActive: 1
--- !u!4 &2510968182082851227
Transform:
  m_ObjectHideFlags: 0
  m_CorrespondingSourceObject: {fileID: 0}
  m_PrefabInstance: {fileID: 0}
  m_PrefabAsset: {fileID: 0}
  m_GameObject: {fileID: 2510968182082851224}
  m_LocalRotation: {x: -0, y: -0, z: -0, w: 1}
  m_LocalPosition: {x: 0, y: 0, z: 0}
  m_LocalScale: {x: 1, y: 1, z: 1}
  m_ConstrainProportionsScale: 0
  m_Children: []
  m_Father: {fileID: 7045710030965550398}
  m_RootOrder: 0
  m_LocalEulerAnglesHint: {x: 0, y: 0, z: 0}
--- !u!65 &5868861559300641817
BoxCollider:
  m_ObjectHideFlags: 0
  m_CorrespondingSourceObject: {fileID: 0}
  m_PrefabInstance: {fileID: 0}
  m_PrefabAsset: {fileID: 0}
  m_GameObject: {fileID: 2510968182082851224}
  m_Material: {fileID: 0}
  m_IsTrigger: 0
  m_Enabled: 1
  serializedVersion: 2
  m_Size: {x: 2, y: 1, z: 0.5}
  m_Center: {x: 0, y: -0.5, z: 0}
--- !u!1 &2510968183579710285
GameObject:
  m_ObjectHideFlags: 0
  m_CorrespondingSourceObject: {fileID: 0}
  m_PrefabInstance: {fileID: 0}
  m_PrefabAsset: {fileID: 0}
  serializedVersion: 6
  m_Component:
  - component: {fileID: 2510968183579710284}
  - component: {fileID: 2510968183579710287}
  m_Layer: 0
  m_Name: Angle_2x2_Box
  m_TagString: Untagged
  m_Icon: {fileID: 0}
  m_NavMeshLayer: 0
  m_StaticEditorFlags: 0
  m_IsActive: 1
--- !u!4 &2510968183579710284
Transform:
  m_ObjectHideFlags: 0
  m_CorrespondingSourceObject: {fileID: 0}
  m_PrefabInstance: {fileID: 0}
  m_PrefabAsset: {fileID: 0}
  m_GameObject: {fileID: 2510968183579710285}
  m_LocalRotation: {x: 0, y: 0, z: 0, w: 1}
  m_LocalPosition: {x: 0, y: 0, z: 0}
  m_LocalScale: {x: 1, y: 1, z: 1}
  m_ConstrainProportionsScale: 0
  m_Children:
  - {fileID: 3874662389929152238}
  - {fileID: 7045710030965550398}
  - {fileID: 834371176143519825}
  m_Father: {fileID: 0}
  m_RootOrder: 0
  m_LocalEulerAnglesHint: {x: 0, y: 0, z: 0}
--- !u!114 &2510968183579710287
MonoBehaviour:
  m_ObjectHideFlags: 0
  m_CorrespondingSourceObject: {fileID: 0}
  m_PrefabInstance: {fileID: 0}
  m_PrefabAsset: {fileID: 0}
  m_GameObject: {fileID: 2510968183579710285}
  m_Enabled: 1
  m_EditorHideFlags: 0
  m_Script: {fileID: 11500000, guid: 2be2e11cc26cb934f9db833f6f351b57, type: 3}
  m_Name: 
  m_EditorClassIdentifier: 
  _content: {fileID: 9019020034128599610}
  _containerL: {fileID: 5796285558851666776}
  _containerR: {fileID: 8928643647841886663}
  _colliders: {fileID: 1973162151591299483}
  _boxTrailVertical: {fileID: 8771998260858577239}
  _boxTrailHorizontal: {fileID: 8771998260858577239}
--- !u!1 &2702469574141325361
GameObject:
  m_ObjectHideFlags: 0
  m_CorrespondingSourceObject: {fileID: 0}
  m_PrefabInstance: {fileID: 0}
  m_PrefabAsset: {fileID: 0}
  serializedVersion: 6
  m_Component:
  - component: {fileID: 5505863799258745399}
  - component: {fileID: 386955133153064340}
  m_Layer: 0
  m_Name: Cube (1)
  m_TagString: Untagged
  m_Icon: {fileID: 0}
  m_NavMeshLayer: 0
  m_StaticEditorFlags: 0
  m_IsActive: 1
--- !u!4 &5505863799258745399
Transform:
  m_ObjectHideFlags: 0
  m_CorrespondingSourceObject: {fileID: 0}
  m_PrefabInstance: {fileID: 0}
  m_PrefabAsset: {fileID: 0}
  m_GameObject: {fileID: 2702469574141325361}
  m_LocalRotation: {x: -0, y: -0, z: -0, w: 1}
  m_LocalPosition: {x: 0, y: 0, z: 0}
  m_LocalScale: {x: 1, y: 1, z: 1}
  m_ConstrainProportionsScale: 0
  m_Children: []
  m_Father: {fileID: 7045710030965550398}
  m_RootOrder: 1
  m_LocalEulerAnglesHint: {x: 0, y: 0, z: 0}
--- !u!65 &386955133153064340
BoxCollider:
  m_ObjectHideFlags: 0
  m_CorrespondingSourceObject: {fileID: 0}
  m_PrefabInstance: {fileID: 0}
  m_PrefabAsset: {fileID: 0}
  m_GameObject: {fileID: 2702469574141325361}
  m_Material: {fileID: 0}
  m_IsTrigger: 0
  m_Enabled: 1
  serializedVersion: 2
  m_Size: {x: 1, y: 1, z: 0.5}
  m_Center: {x: 0.5, y: 0.5, z: 0}
--- !u!1001 &995073736435614020
PrefabInstance:
  m_ObjectHideFlags: 0
  serializedVersion: 2
  m_Modification:
    m_TransformParent: {fileID: 2510968183579710284}
    m_Modifications:
    - target: {fileID: 458098752743063829, guid: bd81112281dde0f4e8d67ae411293b13,
        type: 3}
      propertyPath: m_RootOrder
      value: 2
      objectReference: {fileID: 0}
    - target: {fileID: 458098752743063829, guid: bd81112281dde0f4e8d67ae411293b13,
        type: 3}
      propertyPath: m_LocalPosition.x
      value: 0
      objectReference: {fileID: 0}
    - target: {fileID: 458098752743063829, guid: bd81112281dde0f4e8d67ae411293b13,
        type: 3}
      propertyPath: m_LocalPosition.y
      value: 0
      objectReference: {fileID: 0}
    - target: {fileID: 458098752743063829, guid: bd81112281dde0f4e8d67ae411293b13,
        type: 3}
      propertyPath: m_LocalPosition.z
      value: 0.24
      objectReference: {fileID: 0}
    - target: {fileID: 458098752743063829, guid: bd81112281dde0f4e8d67ae411293b13,
        type: 3}
      propertyPath: m_LocalRotation.w
      value: 1
      objectReference: {fileID: 0}
    - target: {fileID: 458098752743063829, guid: bd81112281dde0f4e8d67ae411293b13,
        type: 3}
      propertyPath: m_LocalRotation.x
      value: -0
      objectReference: {fileID: 0}
    - target: {fileID: 458098752743063829, guid: bd81112281dde0f4e8d67ae411293b13,
        type: 3}
      propertyPath: m_LocalRotation.y
      value: -0
      objectReference: {fileID: 0}
    - target: {fileID: 458098752743063829, guid: bd81112281dde0f4e8d67ae411293b13,
        type: 3}
      propertyPath: m_LocalRotation.z
      value: -0
      objectReference: {fileID: 0}
    - target: {fileID: 458098752743063829, guid: bd81112281dde0f4e8d67ae411293b13,
        type: 3}
      propertyPath: m_LocalEulerAnglesHint.x
      value: 0
      objectReference: {fileID: 0}
    - target: {fileID: 458098752743063829, guid: bd81112281dde0f4e8d67ae411293b13,
        type: 3}
      propertyPath: m_LocalEulerAnglesHint.y
      value: 0
      objectReference: {fileID: 0}
    - target: {fileID: 458098752743063829, guid: bd81112281dde0f4e8d67ae411293b13,
        type: 3}
      propertyPath: m_LocalEulerAnglesHint.z
      value: 0
      objectReference: {fileID: 0}
    - target: {fileID: 5609103516467051134, guid: bd81112281dde0f4e8d67ae411293b13,
        type: 3}
      propertyPath: m_Name
      value: BoxTrail
      objectReference: {fileID: 0}
    - target: {fileID: 8391142596520517651, guid: bd81112281dde0f4e8d67ae411293b13,
        type: 3}
      propertyPath: m_Parameters.widthMultiplier
      value: 2
      objectReference: {fileID: 0}
    m_RemovedComponents: []
  m_SourcePrefab: {fileID: 100100000, guid: bd81112281dde0f4e8d67ae411293b13, type: 3}
--- !u!4 &834371176143519825 stripped
Transform:
  m_CorrespondingSourceObject: {fileID: 458098752743063829, guid: bd81112281dde0f4e8d67ae411293b13,
    type: 3}
  m_PrefabInstance: {fileID: 995073736435614020}
  m_PrefabAsset: {fileID: 0}
--- !u!96 &8771998260858577239 stripped
TrailRenderer:
  m_CorrespondingSourceObject: {fileID: 8391142596520517651, guid: bd81112281dde0f4e8d67ae411293b13,
    type: 3}
  m_PrefabInstance: {fileID: 995073736435614020}
  m_PrefabAsset: {fileID: 0}
--- !u!1001 &3625161954898110725
PrefabInstance:
  m_ObjectHideFlags: 0
  serializedVersion: 2
  m_Modification:
    m_TransformParent: {fileID: 2510968183579710284}
    m_Modifications:
    - target: {fileID: -8679921383154817045, guid: 4161ef9c2c3c7f34b8671eab9bdd1903,
        type: 3}
      propertyPath: m_RootOrder
      value: 0
      objectReference: {fileID: 0}
    - target: {fileID: -8679921383154817045, guid: 4161ef9c2c3c7f34b8671eab9bdd1903,
        type: 3}
      propertyPath: m_LocalPosition.x
      value: 0
      objectReference: {fileID: 0}
    - target: {fileID: -8679921383154817045, guid: 4161ef9c2c3c7f34b8671eab9bdd1903,
        type: 3}
      propertyPath: m_LocalPosition.y
      value: 0
      objectReference: {fileID: 0}
    - target: {fileID: -8679921383154817045, guid: 4161ef9c2c3c7f34b8671eab9bdd1903,
        type: 3}
      propertyPath: m_LocalPosition.z
      value: 0
      objectReference: {fileID: 0}
    - target: {fileID: -8679921383154817045, guid: 4161ef9c2c3c7f34b8671eab9bdd1903,
        type: 3}
      propertyPath: m_LocalRotation.w
      value: 1
      objectReference: {fileID: 0}
    - target: {fileID: -8679921383154817045, guid: 4161ef9c2c3c7f34b8671eab9bdd1903,
        type: 3}
      propertyPath: m_LocalRotation.x
      value: 0
      objectReference: {fileID: 0}
    - target: {fileID: -8679921383154817045, guid: 4161ef9c2c3c7f34b8671eab9bdd1903,
        type: 3}
      propertyPath: m_LocalRotation.y
      value: 0
      objectReference: {fileID: 0}
    - target: {fileID: -8679921383154817045, guid: 4161ef9c2c3c7f34b8671eab9bdd1903,
        type: 3}
      propertyPath: m_LocalRotation.z
      value: 0
      objectReference: {fileID: 0}
    - target: {fileID: -8679921383154817045, guid: 4161ef9c2c3c7f34b8671eab9bdd1903,
        type: 3}
      propertyPath: m_LocalEulerAnglesHint.x
      value: 0
      objectReference: {fileID: 0}
    - target: {fileID: -8679921383154817045, guid: 4161ef9c2c3c7f34b8671eab9bdd1903,
        type: 3}
      propertyPath: m_LocalEulerAnglesHint.y
      value: 0
      objectReference: {fileID: 0}
    - target: {fileID: -8679921383154817045, guid: 4161ef9c2c3c7f34b8671eab9bdd1903,
        type: 3}
      propertyPath: m_LocalEulerAnglesHint.z
      value: 0
      objectReference: {fileID: 0}
    - target: {fileID: -3915946395556673342, guid: 4161ef9c2c3c7f34b8671eab9bdd1903,
        type: 3}
      propertyPath: m_Materials.Array.data[0]
      value: 
      objectReference: {fileID: 2100000, guid: 7d1500d5886c3c64da228668b26d953e, type: 2}
    - target: {fileID: -3170225990528234488, guid: 4161ef9c2c3c7f34b8671eab9bdd1903,
        type: 3}
      propertyPath: m_IsActive
      value: 1
      objectReference: {fileID: 0}
    - target: {fileID: -489440166418599314, guid: 4161ef9c2c3c7f34b8671eab9bdd1903,
        type: 3}
      propertyPath: m_IsActive
      value: 1
      objectReference: {fileID: 0}
    - target: {fileID: 919132149155446097, guid: 4161ef9c2c3c7f34b8671eab9bdd1903,
        type: 3}
      propertyPath: m_Name
      value: Angle_2x2_Box
      objectReference: {fileID: 0}
    - target: {fileID: 3105532290244500595, guid: 4161ef9c2c3c7f34b8671eab9bdd1903,
        type: 3}
      propertyPath: m_IsActive
      value: 1
      objectReference: {fileID: 0}
    - target: {fileID: 5721497290819744575, guid: 4161ef9c2c3c7f34b8671eab9bdd1903,
        type: 3}
      propertyPath: m_Materials.Array.data[0]
      value: 
      objectReference: {fileID: 2100000, guid: 7d1500d5886c3c64da228668b26d953e, type: 2}
    - target: {fileID: 7079555905299343965, guid: 4161ef9c2c3c7f34b8671eab9bdd1903,
        type: 3}
      propertyPath: m_StaticShadowCaster
      value: 0
      objectReference: {fileID: 0}
    - target: {fileID: 7079555905299343965, guid: 4161ef9c2c3c7f34b8671eab9bdd1903,
        type: 3}
      propertyPath: m_Materials.Array.data[0]
      value: 
      objectReference: {fileID: 2100000, guid: 7d1500d5886c3c64da228668b26d953e, type: 2}
    m_RemovedComponents: []
  m_SourcePrefab: {fileID: 100100000, guid: 4161ef9c2c3c7f34b8671eab9bdd1903, type: 3}
--- !u!4 &3874662389929152238 stripped
Transform:
  m_CorrespondingSourceObject: {fileID: -8679921383154817045, guid: 4161ef9c2c3c7f34b8671eab9bdd1903,
    type: 3}
  m_PrefabInstance: {fileID: 3625161954898110725}
  m_PrefabAsset: {fileID: 0}
--- !u!23 &5796285558851666776 stripped
MeshRenderer:
  m_CorrespondingSourceObject: {fileID: 7079555905299343965, guid: 4161ef9c2c3c7f34b8671eab9bdd1903,
    type: 3}
  m_PrefabInstance: {fileID: 3625161954898110725}
  m_PrefabAsset: {fileID: 0}
--- !u!23 &8928643647841886663 stripped
MeshRenderer:
  m_CorrespondingSourceObject: {fileID: -3915946395556673342, guid: 4161ef9c2c3c7f34b8671eab9bdd1903,
    type: 3}
  m_PrefabInstance: {fileID: 3625161954898110725}
  m_PrefabAsset: {fileID: 0}
--- !u!23 &9019020034128599610 stripped
MeshRenderer:
  m_CorrespondingSourceObject: {fileID: 5721497290819744575, guid: 4161ef9c2c3c7f34b8671eab9bdd1903,
    type: 3}
  m_PrefabInstance: {fileID: 3625161954898110725}
  m_PrefabAsset: {fileID: 0}
