%YAML 1.1
%TAG !u! tag:unity3d.com,2011:
--- !u!1 &2510968182082851224
GameObject:
  m_ObjectHideFlags: 0
  m_CorrespondingSourceObject: {fileID: 0}
  m_PrefabInstance: {fileID: 0}
  m_PrefabAsset: {fileID: 0}
  serializedVersion: 6
  m_Component:
  - component: {fileID: 2510968182082851227}
  - component: {fileID: 7600258499558131753}
  m_Layer: 0
  m_Name: Cube
  m_TagString: Untagged
  m_Icon: {fileID: 0}
  m_NavMeshLayer: 0
  m_StaticEditorFlags: 0
  m_IsActive: 1
--- !u!4 &2510968182082851227
Transform:
  m_ObjectHideFlags: 0
  m_CorrespondingSourceObject: {fileID: 0}
  m_PrefabInstance: {fileID: 0}
  m_PrefabAsset: {fileID: 0}
  m_GameObject: {fileID: 2510968182082851224}
  m_LocalRotation: {x: -0, y: -0, z: -0, w: 1}
  m_LocalPosition: {x: 0, y: 0, z: 0}
  m_LocalScale: {x: 1, y: 1, z: 1}
  m_ConstrainProportionsScale: 0
  m_Children: []
  m_Father: {fileID: 2155041290592949796}
  m_RootOrder: 0
  m_LocalEulerAnglesHint: {x: 0, y: 0, z: 0}
--- !u!65 &7600258499558131753
BoxCollider:
  m_ObjectHideFlags: 0
  m_CorrespondingSourceObject: {fileID: 0}
  m_PrefabInstance: {fileID: 0}
  m_PrefabAsset: {fileID: 0}
  m_GameObject: {fileID: 2510968182082851224}
  m_Material: {fileID: 0}
  m_IsTrigger: 0
  m_Enabled: 1
  serializedVersion: 2
  m_Size: {x: 3, y: 1, z: 0.5}
  m_Center: {x: 0, y: -1.5, z: 0}
--- !u!1 &2510968183579710285
GameObject:
  m_ObjectHideFlags: 0
  m_CorrespondingSourceObject: {fileID: 0}
  m_PrefabInstance: {fileID: 0}
  m_PrefabAsset: {fileID: 0}
  serializedVersion: 6
  m_Component:
  - component: {fileID: 2510968183579710284}
  - component: {fileID: 2510968183579710287}
  m_Layer: 0
  m_Name: Angle_3x4_Box
  m_TagString: Untagged
  m_Icon: {fileID: 0}
  m_NavMeshLayer: 0
  m_StaticEditorFlags: 0
  m_IsActive: 1
--- !u!4 &2510968183579710284
Transform:
  m_ObjectHideFlags: 0
  m_CorrespondingSourceObject: {fileID: 0}
  m_PrefabInstance: {fileID: 0}
  m_PrefabAsset: {fileID: 0}
  m_GameObject: {fileID: 2510968183579710285}
  m_LocalRotation: {x: 0, y: 0, z: 0, w: 1}
  m_LocalPosition: {x: 0, y: 0, z: 0}
  m_LocalScale: {x: 1, y: 1, z: 1}
  m_ConstrainProportionsScale: 0
  m_Children:
  - {fileID: 8982971354681223136}
  - {fileID: 2155041290592949796}
  - {fileID: 4752255376680158901}
  - {fileID: 4175404566414612529}
  m_Father: {fileID: 0}
  m_RootOrder: 0
  m_LocalEulerAnglesHint: {x: 0, y: 0, z: 0}
--- !u!114 &2510968183579710287
MonoBehaviour:
  m_ObjectHideFlags: 0
  m_CorrespondingSourceObject: {fileID: 0}
  m_PrefabInstance: {fileID: 0}
  m_PrefabAsset: {fileID: 0}
  m_GameObject: {fileID: 2510968183579710285}
  m_Enabled: 1
  m_EditorHideFlags: 0
  m_Script: {fileID: 11500000, guid: 2be2e11cc26cb934f9db833f6f351b57, type: 3}
  m_Name: 
  m_EditorClassIdentifier: 
  _content: {fileID: 3766560561737659188}
  _containerL: {fileID: 1809592940777384534}
  _containerR: {fileID: 3640199493685233865}
  _colliders: {fileID: 5450356047270261272}
  _boxTrailVertical: {fileID: 3736662568232282035}
  _boxTrailHorizontal: {fileID: 5465726781164239159}
--- !u!1 &2702469574141325361
GameObject:
  m_ObjectHideFlags: 0
  m_CorrespondingSourceObject: {fileID: 0}
  m_PrefabInstance: {fileID: 0}
  m_PrefabAsset: {fileID: 0}
  serializedVersion: 6
  m_Component:
  - component: {fileID: 5505863799258745399}
  - component: {fileID: 5626518354100557087}
  m_Layer: 0
  m_Name: Cube (1)
  m_TagString: Untagged
  m_Icon: {fileID: 0}
  m_NavMeshLayer: 0
  m_StaticEditorFlags: 0
  m_IsActive: 1
--- !u!4 &5505863799258745399
Transform:
  m_ObjectHideFlags: 0
  m_CorrespondingSourceObject: {fileID: 0}
  m_PrefabInstance: {fileID: 0}
  m_PrefabAsset: {fileID: 0}
  m_GameObject: {fileID: 2702469574141325361}
  m_LocalRotation: {x: -0, y: -0, z: -0, w: 1}
  m_LocalPosition: {x: 0, y: 0, z: 0}
  m_LocalScale: {x: 1, y: 1, z: 1}
  m_ConstrainProportionsScale: 0
  m_Children: []
  m_Father: {fileID: 2155041290592949796}
  m_RootOrder: 1
  m_LocalEulerAnglesHint: {x: 0, y: 0, z: 0}
--- !u!65 &5626518354100557087
BoxCollider:
  m_ObjectHideFlags: 0
  m_CorrespondingSourceObject: {fileID: 0}
  m_PrefabInstance: {fileID: 0}
  m_PrefabAsset: {fileID: 0}
  m_GameObject: {fileID: 2702469574141325361}
  m_Material: {fileID: 0}
  m_IsTrigger: 0
  m_Enabled: 1
  serializedVersion: 2
  m_Size: {x: 1, y: 3, z: 0.5}
  m_Center: {x: 1, y: 0.5, z: 0}
--- !u!1 &5450356047270261272
GameObject:
  m_ObjectHideFlags: 0
  m_CorrespondingSourceObject: {fileID: 0}
  m_PrefabInstance: {fileID: 0}
  m_PrefabAsset: {fileID: 0}
  serializedVersion: 6
  m_Component:
  - component: {fileID: 2155041290592949796}
  m_Layer: 0
  m_Name: GameObject
  m_TagString: Untagged
  m_Icon: {fileID: 0}
  m_NavMeshLayer: 0
  m_StaticEditorFlags: 0
  m_IsActive: 1
--- !u!4 &2155041290592949796
Transform:
  m_ObjectHideFlags: 0
  m_CorrespondingSourceObject: {fileID: 0}
  m_PrefabInstance: {fileID: 0}
  m_PrefabAsset: {fileID: 0}
  m_GameObject: {fileID: 5450356047270261272}
  m_LocalRotation: {x: 0, y: 0, z: 0, w: 1}
  m_LocalPosition: {x: 0, y: 0, z: 0}
  m_LocalScale: {x: 1, y: 1, z: 1}
  m_ConstrainProportionsScale: 0
  m_Children:
  - {fileID: 2510968182082851227}
  - {fileID: 5505863799258745399}
  m_Father: {fileID: 2510968183579710284}
  m_RootOrder: 1
  m_LocalEulerAnglesHint: {x: 0, y: 0, z: 0}
--- !u!1001 &4587332075381791012
PrefabInstance:
  m_ObjectHideFlags: 0
  serializedVersion: 2
  m_Modification:
    m_TransformParent: {fileID: 2510968183579710284}
    m_Modifications:
    - target: {fileID: 458098752743063829, guid: bd81112281dde0f4e8d67ae411293b13,
        type: 3}
      propertyPath: m_RootOrder
      value: 3
      objectReference: {fileID: 0}
    - target: {fileID: 458098752743063829, guid: bd81112281dde0f4e8d67ae411293b13,
        type: 3}
      propertyPath: m_LocalPosition.x
      value: 0
      objectReference: {fileID: 0}
    - target: {fileID: 458098752743063829, guid: bd81112281dde0f4e8d67ae411293b13,
        type: 3}
      propertyPath: m_LocalPosition.y
      value: 0
      objectReference: {fileID: 0}
    - target: {fileID: 458098752743063829, guid: bd81112281dde0f4e8d67ae411293b13,
        type: 3}
      propertyPath: m_LocalPosition.z
      value: 0.24
      objectReference: {fileID: 0}
    - target: {fileID: 458098752743063829, guid: bd81112281dde0f4e8d67ae411293b13,
        type: 3}
      propertyPath: m_LocalRotation.w
      value: 1
      objectReference: {fileID: 0}
    - target: {fileID: 458098752743063829, guid: bd81112281dde0f4e8d67ae411293b13,
        type: 3}
      propertyPath: m_LocalRotation.x
      value: -0
      objectReference: {fileID: 0}
    - target: {fileID: 458098752743063829, guid: bd81112281dde0f4e8d67ae411293b13,
        type: 3}
      propertyPath: m_LocalRotation.y
      value: -0
      objectReference: {fileID: 0}
    - target: {fileID: 458098752743063829, guid: bd81112281dde0f4e8d67ae411293b13,
        type: 3}
      propertyPath: m_LocalRotation.z
      value: -0
      objectReference: {fileID: 0}
    - target: {fileID: 458098752743063829, guid: bd81112281dde0f4e8d67ae411293b13,
        type: 3}
      propertyPath: m_LocalEulerAnglesHint.x
      value: 0
      objectReference: {fileID: 0}
    - target: {fileID: 458098752743063829, guid: bd81112281dde0f4e8d67ae411293b13,
        type: 3}
      propertyPath: m_LocalEulerAnglesHint.y
      value: 0
      objectReference: {fileID: 0}
    - target: {fileID: 458098752743063829, guid: bd81112281dde0f4e8d67ae411293b13,
        type: 3}
      propertyPath: m_LocalEulerAnglesHint.z
      value: 0
      objectReference: {fileID: 0}
    - target: {fileID: 5609103516467051134, guid: bd81112281dde0f4e8d67ae411293b13,
        type: 3}
      propertyPath: m_Name
      value: BoxTrail (1)
      objectReference: {fileID: 0}
    - target: {fileID: 8391142596520517651, guid: bd81112281dde0f4e8d67ae411293b13,
        type: 3}
      propertyPath: m_Parameters.widthMultiplier
      value: 4
      objectReference: {fileID: 0}
    m_RemovedComponents: []
  m_SourcePrefab: {fileID: 100100000, guid: bd81112281dde0f4e8d67ae411293b13, type: 3}
--- !u!4 &4175404566414612529 stripped
Transform:
  m_CorrespondingSourceObject: {fileID: 458098752743063829, guid: bd81112281dde0f4e8d67ae411293b13,
    type: 3}
  m_PrefabInstance: {fileID: 4587332075381791012}
  m_PrefabAsset: {fileID: 0}
--- !u!96 &5465726781164239159 stripped
TrailRenderer:
  m_CorrespondingSourceObject: {fileID: 8391142596520517651, guid: bd81112281dde0f4e8d67ae411293b13,
    type: 3}
  m_PrefabInstance: {fileID: 4587332075381791012}
  m_PrefabAsset: {fileID: 0}
--- !u!1001 &5163404964654663584
PrefabInstance:
  m_ObjectHideFlags: 0
  serializedVersion: 2
  m_Modification:
    m_TransformParent: {fileID: 2510968183579710284}
    m_Modifications:
    - target: {fileID: 458098752743063829, guid: bd81112281dde0f4e8d67ae411293b13,
        type: 3}
      propertyPath: m_RootOrder
      value: 2
      objectReference: {fileID: 0}
    - target: {fileID: 458098752743063829, guid: bd81112281dde0f4e8d67ae411293b13,
        type: 3}
      propertyPath: m_LocalPosition.x
      value: 0
      objectReference: {fileID: 0}
    - target: {fileID: 458098752743063829, guid: bd81112281dde0f4e8d67ae411293b13,
        type: 3}
      propertyPath: m_LocalPosition.y
      value: 0
      objectReference: {fileID: 0}
    - target: {fileID: 458098752743063829, guid: bd81112281dde0f4e8d67ae411293b13,
        type: 3}
      propertyPath: m_LocalPosition.z
      value: 0.24
      objectReference: {fileID: 0}
    - target: {fileID: 458098752743063829, guid: bd81112281dde0f4e8d67ae411293b13,
        type: 3}
      propertyPath: m_LocalRotation.w
      value: 1
      objectReference: {fileID: 0}
    - target: {fileID: 458098752743063829, guid: bd81112281dde0f4e8d67ae411293b13,
        type: 3}
      propertyPath: m_LocalRotation.x
      value: -0
      objectReference: {fileID: 0}
    - target: {fileID: 458098752743063829, guid: bd81112281dde0f4e8d67ae411293b13,
        type: 3}
      propertyPath: m_LocalRotation.y
      value: -0
      objectReference: {fileID: 0}
    - target: {fileID: 458098752743063829, guid: bd81112281dde0f4e8d67ae411293b13,
        type: 3}
      propertyPath: m_LocalRotation.z
      value: -0
      objectReference: {fileID: 0}
    - target: {fileID: 458098752743063829, guid: bd81112281dde0f4e8d67ae411293b13,
        type: 3}
      propertyPath: m_LocalEulerAnglesHint.x
      value: 0
      objectReference: {fileID: 0}
    - target: {fileID: 458098752743063829, guid: bd81112281dde0f4e8d67ae411293b13,
        type: 3}
      propertyPath: m_LocalEulerAnglesHint.y
      value: 0
      objectReference: {fileID: 0}
    - target: {fileID: 458098752743063829, guid: bd81112281dde0f4e8d67ae411293b13,
        type: 3}
      propertyPath: m_LocalEulerAnglesHint.z
      value: 0
      objectReference: {fileID: 0}
    - target: {fileID: 5609103516467051134, guid: bd81112281dde0f4e8d67ae411293b13,
        type: 3}
      propertyPath: m_Name
      value: BoxTrail
      objectReference: {fileID: 0}
    - target: {fileID: 8391142596520517651, guid: bd81112281dde0f4e8d67ae411293b13,
        type: 3}
      propertyPath: m_Parameters.widthMultiplier
      value: 3
      objectReference: {fileID: 0}
    m_RemovedComponents: []
  m_SourcePrefab: {fileID: 100100000, guid: bd81112281dde0f4e8d67ae411293b13, type: 3}
--- !u!96 &3736662568232282035 stripped
TrailRenderer:
  m_CorrespondingSourceObject: {fileID: 8391142596520517651, guid: bd81112281dde0f4e8d67ae411293b13,
    type: 3}
  m_PrefabInstance: {fileID: 5163404964654663584}
  m_PrefabAsset: {fileID: 0}
--- !u!4 &4752255376680158901 stripped
Transform:
  m_CorrespondingSourceObject: {fileID: 458098752743063829, guid: bd81112281dde0f4e8d67ae411293b13,
    type: 3}
  m_PrefabInstance: {fileID: 5163404964654663584}
  m_PrefabAsset: {fileID: 0}
--- !u!1001 &8873029866899226635
PrefabInstance:
  m_ObjectHideFlags: 0
  serializedVersion: 2
  m_Modification:
    m_TransformParent: {fileID: 2510968183579710284}
    m_Modifications:
    - target: {fileID: -8679921383154817045, guid: 0a159896127d1844f99d1331c6457d67,
        type: 3}
      propertyPath: m_RootOrder
      value: 0
      objectReference: {fileID: 0}
    - target: {fileID: -8679921383154817045, guid: 0a159896127d1844f99d1331c6457d67,
        type: 3}
      propertyPath: m_LocalPosition.x
      value: 0
      objectReference: {fileID: 0}
    - target: {fileID: -8679921383154817045, guid: 0a159896127d1844f99d1331c6457d67,
        type: 3}
      propertyPath: m_LocalPosition.y
      value: 0
      objectReference: {fileID: 0}
    - target: {fileID: -8679921383154817045, guid: 0a159896127d1844f99d1331c6457d67,
        type: 3}
      propertyPath: m_LocalPosition.z
      value: 0
      objectReference: {fileID: 0}
    - target: {fileID: -8679921383154817045, guid: 0a159896127d1844f99d1331c6457d67,
        type: 3}
      propertyPath: m_LocalRotation.w
      value: 1
      objectReference: {fileID: 0}
    - target: {fileID: -8679921383154817045, guid: 0a159896127d1844f99d1331c6457d67,
        type: 3}
      propertyPath: m_LocalRotation.x
      value: 0
      objectReference: {fileID: 0}
    - target: {fileID: -8679921383154817045, guid: 0a159896127d1844f99d1331c6457d67,
        type: 3}
      propertyPath: m_LocalRotation.y
      value: 0
      objectReference: {fileID: 0}
    - target: {fileID: -8679921383154817045, guid: 0a159896127d1844f99d1331c6457d67,
        type: 3}
      propertyPath: m_LocalRotation.z
      value: 0
      objectReference: {fileID: 0}
    - target: {fileID: -8679921383154817045, guid: 0a159896127d1844f99d1331c6457d67,
        type: 3}
      propertyPath: m_LocalEulerAnglesHint.x
      value: 0
      objectReference: {fileID: 0}
    - target: {fileID: -8679921383154817045, guid: 0a159896127d1844f99d1331c6457d67,
        type: 3}
      propertyPath: m_LocalEulerAnglesHint.y
      value: 0
      objectReference: {fileID: 0}
    - target: {fileID: -8679921383154817045, guid: 0a159896127d1844f99d1331c6457d67,
        type: 3}
      propertyPath: m_LocalEulerAnglesHint.z
      value: 0
      objectReference: {fileID: 0}
    - target: {fileID: -3915946395556673342, guid: 0a159896127d1844f99d1331c6457d67,
        type: 3}
      propertyPath: m_Materials.Array.data[0]
      value: 
      objectReference: {fileID: 2100000, guid: 7d1500d5886c3c64da228668b26d953e, type: 2}
    - target: {fileID: 919132149155446097, guid: 0a159896127d1844f99d1331c6457d67,
        type: 3}
      propertyPath: m_Name
      value: Angle_3x4_Box
      objectReference: {fileID: 0}
    - target: {fileID: 5721497290819744575, guid: 0a159896127d1844f99d1331c6457d67,
        type: 3}
      propertyPath: m_Materials.Array.data[0]
      value: 
      objectReference: {fileID: 2100000, guid: 7d1500d5886c3c64da228668b26d953e, type: 2}
    - target: {fileID: 7079555905299343965, guid: 0a159896127d1844f99d1331c6457d67,
        type: 3}
      propertyPath: m_Materials.Array.data[0]
      value: 
      objectReference: {fileID: 2100000, guid: 7d1500d5886c3c64da228668b26d953e, type: 2}
    m_RemovedComponents: []
  m_SourcePrefab: {fileID: 100100000, guid: 0a159896127d1844f99d1331c6457d67, type: 3}
--- !u!23 &1809592940777384534 stripped
MeshRenderer:
  m_CorrespondingSourceObject: {fileID: 7079555905299343965, guid: 0a159896127d1844f99d1331c6457d67,
    type: 3}
  m_PrefabInstance: {fileID: 8873029866899226635}
  m_PrefabAsset: {fileID: 0}
--- !u!23 &3640199493685233865 stripped
MeshRenderer:
  m_CorrespondingSourceObject: {fileID: -3915946395556673342, guid: 0a159896127d1844f99d1331c6457d67,
    type: 3}
  m_PrefabInstance: {fileID: 8873029866899226635}
  m_PrefabAsset: {fileID: 0}
--- !u!23 &3766560561737659188 stripped
MeshRenderer:
  m_CorrespondingSourceObject: {fileID: 5721497290819744575, guid: 0a159896127d1844f99d1331c6457d67,
    type: 3}
  m_PrefabInstance: {fileID: 8873029866899226635}
  m_PrefabAsset: {fileID: 0}
--- !u!4 &8982971354681223136 stripped
Transform:
  m_CorrespondingSourceObject: {fileID: -8679921383154817045, guid: 0a159896127d1844f99d1331c6457d67,
    type: 3}
  m_PrefabInstance: {fileID: 8873029866899226635}
  m_PrefabAsset: {fileID: 0}
