%YAML 1.1
%TAG !u! tag:unity3d.com,2011:
--- !u!1 &2510968182082851224
GameObject:
  m_ObjectHideFlags: 0
  m_CorrespondingSourceObject: {fileID: 0}
  m_PrefabInstance: {fileID: 0}
  m_PrefabAsset: {fileID: 0}
  serializedVersion: 6
  m_Component:
  - component: {fileID: 2510968182082851227}
  - component: {fileID: 6119717771283594002}
  m_Layer: 0
  m_Name: Cube
  m_TagString: Untagged
  m_Icon: {fileID: 0}
  m_NavMeshLayer: 0
  m_StaticEditorFlags: 0
  m_IsActive: 1
--- !u!4 &2510968182082851227
Transform:
  m_ObjectHideFlags: 0
  m_CorrespondingSourceObject: {fileID: 0}
  m_PrefabInstance: {fileID: 0}
  m_PrefabAsset: {fileID: 0}
  m_GameObject: {fileID: 2510968182082851224}
  m_LocalRotation: {x: -0, y: -0, z: -0, w: 1}
  m_LocalPosition: {x: 0, y: 0, z: 0}
  m_LocalScale: {x: 1, y: 1, z: 1}
  m_ConstrainProportionsScale: 0
  m_Children: []
  m_Father: {fileID: 4248568209097537573}
  m_RootOrder: 0
  m_LocalEulerAnglesHint: {x: 0, y: 0, z: 0}
--- !u!65 &6119717771283594002
BoxCollider:
  m_ObjectHideFlags: 0
  m_CorrespondingSourceObject: {fileID: 0}
  m_PrefabInstance: {fileID: 0}
  m_PrefabAsset: {fileID: 0}
  m_GameObject: {fileID: 2510968182082851224}
  m_Material: {fileID: 0}
  m_IsTrigger: 0
  m_Enabled: 1
  serializedVersion: 2
  m_Size: {x: 3, y: 3, z: 0.5}
  m_Center: {x: 0, y: 0, z: 0}
--- !u!1 &2510968183579710285
GameObject:
  m_ObjectHideFlags: 0
  m_CorrespondingSourceObject: {fileID: 0}
  m_PrefabInstance: {fileID: 0}
  m_PrefabAsset: {fileID: 0}
  serializedVersion: 6
  m_Component:
  - component: {fileID: 2510968183579710284}
  - component: {fileID: 2510968183579710287}
  m_Layer: 0
  m_Name: Rect_3x3_Box
  m_TagString: Untagged
  m_Icon: {fileID: 0}
  m_NavMeshLayer: 0
  m_StaticEditorFlags: 0
  m_IsActive: 1
--- !u!4 &2510968183579710284
Transform:
  m_ObjectHideFlags: 0
  m_CorrespondingSourceObject: {fileID: 0}
  m_PrefabInstance: {fileID: 0}
  m_PrefabAsset: {fileID: 0}
  m_GameObject: {fileID: 2510968183579710285}
  m_LocalRotation: {x: 0, y: 0, z: 0, w: 1}
  m_LocalPosition: {x: 0, y: 0, z: 0}
  m_LocalScale: {x: 1, y: 1, z: 1}
  m_ConstrainProportionsScale: 0
  m_Children:
  - {fileID: 4321685511416348534}
  - {fileID: 4248568209097537573}
  - {fileID: 6498360214106697121}
  m_Father: {fileID: 0}
  m_RootOrder: 0
  m_LocalEulerAnglesHint: {x: 0, y: 0, z: 0}
--- !u!114 &2510968183579710287
MonoBehaviour:
  m_ObjectHideFlags: 0
  m_CorrespondingSourceObject: {fileID: 0}
  m_PrefabInstance: {fileID: 0}
  m_PrefabAsset: {fileID: 0}
  m_GameObject: {fileID: 2510968183579710285}
  m_Enabled: 1
  m_EditorHideFlags: 0
  m_Script: {fileID: 11500000, guid: 2be2e11cc26cb934f9db833f6f351b57, type: 3}
  m_Name: 
  m_EditorClassIdentifier: 
  _content: {fileID: 8292771881480268706}
  _containerL: {fileID: 7225804252275916887}
  _containerR: {fileID: 7225804252275916887}
  _colliders: {fileID: 2888083471820491209}
  _boxTrailVertical: {fileID: 2884271851097394343}
  _boxTrailHorizontal: {fileID: 2884271851097394343}
--- !u!1 &2888083471820491209
GameObject:
  m_ObjectHideFlags: 0
  m_CorrespondingSourceObject: {fileID: 0}
  m_PrefabInstance: {fileID: 0}
  m_PrefabAsset: {fileID: 0}
  serializedVersion: 6
  m_Component:
  - component: {fileID: 4248568209097537573}
  m_Layer: 0
  m_Name: GameObject
  m_TagString: Untagged
  m_Icon: {fileID: 0}
  m_NavMeshLayer: 0
  m_StaticEditorFlags: 0
  m_IsActive: 1
--- !u!4 &4248568209097537573
Transform:
  m_ObjectHideFlags: 0
  m_CorrespondingSourceObject: {fileID: 0}
  m_PrefabInstance: {fileID: 0}
  m_PrefabAsset: {fileID: 0}
  m_GameObject: {fileID: 2888083471820491209}
  m_LocalRotation: {x: 0, y: 0, z: 0, w: 1}
  m_LocalPosition: {x: 0, y: 0, z: 0}
  m_LocalScale: {x: 1, y: 1, z: 1}
  m_ConstrainProportionsScale: 0
  m_Children:
  - {fileID: 2510968182082851227}
  m_Father: {fileID: 2510968183579710284}
  m_RootOrder: 1
  m_LocalEulerAnglesHint: {x: 0, y: 0, z: 0}
--- !u!1001 &4355842230595950749
PrefabInstance:
  m_ObjectHideFlags: 0
  serializedVersion: 2
  m_Modification:
    m_TransformParent: {fileID: 2510968183579710284}
    m_Modifications:
    - target: {fileID: -8679921383154817045, guid: 6524456ff63e3db4d90171888661384c,
        type: 3}
      propertyPath: m_RootOrder
      value: 0
      objectReference: {fileID: 0}
    - target: {fileID: -8679921383154817045, guid: 6524456ff63e3db4d90171888661384c,
        type: 3}
      propertyPath: m_LocalPosition.x
      value: 0
      objectReference: {fileID: 0}
    - target: {fileID: -8679921383154817045, guid: 6524456ff63e3db4d90171888661384c,
        type: 3}
      propertyPath: m_LocalPosition.y
      value: 0
      objectReference: {fileID: 0}
    - target: {fileID: -8679921383154817045, guid: 6524456ff63e3db4d90171888661384c,
        type: 3}
      propertyPath: m_LocalPosition.z
      value: 0
      objectReference: {fileID: 0}
    - target: {fileID: -8679921383154817045, guid: 6524456ff63e3db4d90171888661384c,
        type: 3}
      propertyPath: m_LocalRotation.w
      value: 1
      objectReference: {fileID: 0}
    - target: {fileID: -8679921383154817045, guid: 6524456ff63e3db4d90171888661384c,
        type: 3}
      propertyPath: m_LocalRotation.x
      value: 0
      objectReference: {fileID: 0}
    - target: {fileID: -8679921383154817045, guid: 6524456ff63e3db4d90171888661384c,
        type: 3}
      propertyPath: m_LocalRotation.y
      value: 0
      objectReference: {fileID: 0}
    - target: {fileID: -8679921383154817045, guid: 6524456ff63e3db4d90171888661384c,
        type: 3}
      propertyPath: m_LocalRotation.z
      value: 0
      objectReference: {fileID: 0}
    - target: {fileID: -8679921383154817045, guid: 6524456ff63e3db4d90171888661384c,
        type: 3}
      propertyPath: m_LocalEulerAnglesHint.x
      value: 0
      objectReference: {fileID: 0}
    - target: {fileID: -8679921383154817045, guid: 6524456ff63e3db4d90171888661384c,
        type: 3}
      propertyPath: m_LocalEulerAnglesHint.y
      value: 0
      objectReference: {fileID: 0}
    - target: {fileID: -8679921383154817045, guid: 6524456ff63e3db4d90171888661384c,
        type: 3}
      propertyPath: m_LocalEulerAnglesHint.z
      value: 0
      objectReference: {fileID: 0}
    - target: {fileID: -2867603562488604470, guid: 6524456ff63e3db4d90171888661384c,
        type: 3}
      propertyPath: m_Materials.Array.data[0]
      value: 
      objectReference: {fileID: 2100000, guid: 7d1500d5886c3c64da228668b26d953e, type: 2}
    - target: {fileID: 919132149155446097, guid: 6524456ff63e3db4d90171888661384c,
        type: 3}
      propertyPath: m_Name
      value: Rect_3x3_Box
      objectReference: {fileID: 0}
    - target: {fileID: 5721497290819744575, guid: 6524456ff63e3db4d90171888661384c,
        type: 3}
      propertyPath: m_Materials.Array.data[0]
      value: 
      objectReference: {fileID: 2100000, guid: 7d1500d5886c3c64da228668b26d953e, type: 2}
    m_RemovedComponents: []
  m_SourcePrefab: {fileID: 100100000, guid: 6524456ff63e3db4d90171888661384c, type: 3}
--- !u!4 &4321685511416348534 stripped
Transform:
  m_CorrespondingSourceObject: {fileID: -8679921383154817045, guid: 6524456ff63e3db4d90171888661384c,
    type: 3}
  m_PrefabInstance: {fileID: 4355842230595950749}
  m_PrefabAsset: {fileID: 0}
--- !u!23 &7225804252275916887 stripped
MeshRenderer:
  m_CorrespondingSourceObject: {fileID: -2867603562488604470, guid: 6524456ff63e3db4d90171888661384c,
    type: 3}
  m_PrefabInstance: {fileID: 4355842230595950749}
  m_PrefabAsset: {fileID: 0}
--- !u!23 &8292771881480268706 stripped
MeshRenderer:
  m_CorrespondingSourceObject: {fileID: 5721497290819744575, guid: 6524456ff63e3db4d90171888661384c,
    type: 3}
  m_PrefabInstance: {fileID: 4355842230595950749}
  m_PrefabAsset: {fileID: 0}
--- !u!1001 &6662422865961331892
PrefabInstance:
  m_ObjectHideFlags: 0
  serializedVersion: 2
  m_Modification:
    m_TransformParent: {fileID: 2510968183579710284}
    m_Modifications:
    - target: {fileID: 458098752743063829, guid: bd81112281dde0f4e8d67ae411293b13,
        type: 3}
      propertyPath: m_RootOrder
      value: 2
      objectReference: {fileID: 0}
    - target: {fileID: 458098752743063829, guid: bd81112281dde0f4e8d67ae411293b13,
        type: 3}
      propertyPath: m_LocalPosition.x
      value: 0
      objectReference: {fileID: 0}
    - target: {fileID: 458098752743063829, guid: bd81112281dde0f4e8d67ae411293b13,
        type: 3}
      propertyPath: m_LocalPosition.y
      value: 0
      objectReference: {fileID: 0}
    - target: {fileID: 458098752743063829, guid: bd81112281dde0f4e8d67ae411293b13,
        type: 3}
      propertyPath: m_LocalPosition.z
      value: 0.24
      objectReference: {fileID: 0}
    - target: {fileID: 458098752743063829, guid: bd81112281dde0f4e8d67ae411293b13,
        type: 3}
      propertyPath: m_LocalRotation.w
      value: 1
      objectReference: {fileID: 0}
    - target: {fileID: 458098752743063829, guid: bd81112281dde0f4e8d67ae411293b13,
        type: 3}
      propertyPath: m_LocalRotation.x
      value: -0
      objectReference: {fileID: 0}
    - target: {fileID: 458098752743063829, guid: bd81112281dde0f4e8d67ae411293b13,
        type: 3}
      propertyPath: m_LocalRotation.y
      value: -0
      objectReference: {fileID: 0}
    - target: {fileID: 458098752743063829, guid: bd81112281dde0f4e8d67ae411293b13,
        type: 3}
      propertyPath: m_LocalRotation.z
      value: -0
      objectReference: {fileID: 0}
    - target: {fileID: 458098752743063829, guid: bd81112281dde0f4e8d67ae411293b13,
        type: 3}
      propertyPath: m_LocalEulerAnglesHint.x
      value: 0
      objectReference: {fileID: 0}
    - target: {fileID: 458098752743063829, guid: bd81112281dde0f4e8d67ae411293b13,
        type: 3}
      propertyPath: m_LocalEulerAnglesHint.y
      value: 0
      objectReference: {fileID: 0}
    - target: {fileID: 458098752743063829, guid: bd81112281dde0f4e8d67ae411293b13,
        type: 3}
      propertyPath: m_LocalEulerAnglesHint.z
      value: 0
      objectReference: {fileID: 0}
    - target: {fileID: 5609103516467051134, guid: bd81112281dde0f4e8d67ae411293b13,
        type: 3}
      propertyPath: m_Name
      value: BoxTrail
      objectReference: {fileID: 0}
    - target: {fileID: 8391142596520517651, guid: bd81112281dde0f4e8d67ae411293b13,
        type: 3}
      propertyPath: m_Parameters.widthMultiplier
      value: 3
      objectReference: {fileID: 0}
    m_RemovedComponents: []
  m_SourcePrefab: {fileID: 100100000, guid: bd81112281dde0f4e8d67ae411293b13, type: 3}
--- !u!96 &2884271851097394343 stripped
TrailRenderer:
  m_CorrespondingSourceObject: {fileID: 8391142596520517651, guid: bd81112281dde0f4e8d67ae411293b13,
    type: 3}
  m_PrefabInstance: {fileID: 6662422865961331892}
  m_PrefabAsset: {fileID: 0}
--- !u!4 &6498360214106697121 stripped
Transform:
  m_CorrespondingSourceObject: {fileID: 458098752743063829, guid: bd81112281dde0f4e8d67ae411293b13,
    type: 3}
  m_PrefabInstance: {fileID: 6662422865961331892}
  m_PrefabAsset: {fileID: 0}
